<record xmlns="http://www.loc.gov/MARC21/slim" xmlns:xsi="http://www.w3.org/2001/XMLSchema-instance" xsi:schemaLocation="http://www.loc.gov/MARC21/slim http://www.loc.gov/standards/marcxml/schema/MARC21slim.xsd"><leader>02014nam a2200397   4500</leader><controlfield tag="001">3068436</controlfield><controlfield tag="003">NNC</controlfield><controlfield tag="006">m        d        </controlfield><controlfield tag="007">cr cn |||m|||a</controlfield><controlfield tag="008">150223s1930    sy      o     000 0 ara d</controlfield><datafield ind1=" " ind2=" " tag="040"><subfield code="a">NNU</subfield><subfield code="b">eng</subfield><subfield code="c">NNU</subfield></datafield><datafield ind1="1" ind2=" " tag="100"><subfield code="6">880-01</subfield><subfield code="a">Ibn T&#803;u&#772;lu&#772;n, Shams al-Di&#772;n Muh&#803;ammad ibn &#699;Ali&#772;,</subfield><subfield code="d">1485?-1546.</subfield></datafield><datafield ind1="1" ind2="3" tag="245"><subfield code="6">880-02</subfield><subfield code="a">al-Lama&#699;a&#772;t al-barqiyah fi&#772; al-nukat al-ta&#772;ri&#772;khiyah</subfield><subfield code="h">[electronic resource].</subfield></datafield><datafield ind1=" " ind2=" " tag="260"><subfield code="6">880-03</subfield><subfield code="a">Dimashq,</subfield><subfield code="b">Maktabat al-Qudsi&#772; wa-al-Badi&#772;r,</subfield><subfield code="c">1348 A.H. [1930]</subfield></datafield><datafield ind1=" " ind2=" " tag="300"><subfield code="a">online resource (76 p.)</subfield></datafield><datafield ind1="1" ind2=" " tag="490"><subfield code="6">880-04</subfield><subfield code="a">Rasa&#772;&#700;il ta&#772;ri&#772;khiyah ;</subfield><subfield code="v">4</subfield></datafield><datafield ind1=" " ind2=" " tag="500"><subfield code="a">Part of the Arabic Collections Online (ACO) project, contributed by Columbia University Libraries.</subfield></datafield><datafield ind1=" " ind2=" " tag="533"><subfield code="a">Electronic reproduction.</subfield><subfield code="b">New York, N.Y. :</subfield><subfield code="c">New York University,</subfield><subfield code="d">2015.</subfield><subfield code="5">NNU</subfield></datafield><datafield ind1=" " ind2="0" tag="650"><subfield code="a">Islam.</subfield></datafield><datafield ind1=" " ind2="0" tag="650"><subfield code="a">Anecdotes</subfield><subfield code="z">Islamic Empire</subfield><subfield code="v">Early works to 1800.</subfield></datafield><datafield ind1=" " ind2="7" tag="650"><subfield code="a">Anecdotes.</subfield><subfield code="2">fast</subfield><subfield code="0">(OCoLC)fst00808608</subfield></datafield><datafield ind1=" " ind2="7" tag="650"><subfield code="a">Islam.</subfield><subfield code="2">fast</subfield><subfield code="0">(OCoLC)fst00979776</subfield></datafield><datafield ind1=" " ind2="7" tag="651"><subfield code="a">Islamic Empire.</subfield><subfield code="2">fast</subfield><subfield code="0">(OCoLC)fst01244134</subfield></datafield><datafield ind1=" " ind2="7" tag="655"><subfield code="a">Early works.</subfield><subfield code="2">fast</subfield><subfield code="0">(OCoLC)fst01411636</subfield></datafield><datafield ind1="2" ind2=" " tag="710"><subfield code="a">Columbia University.</subfield><subfield code="b">Libraries.</subfield></datafield><datafield ind1="0" ind2=" " tag="730"><subfield code="a">Arabic Collections Online.</subfield></datafield><datafield ind1="0" ind2="8" tag="776"><subfield code="i">Print version:</subfield><subfield code="a">Ibn T&#803;u&#772;lu&#772;n, Shams al-Di&#772;n Muh&#803;ammad ibn &#699;Ali&#772;, 1485?-1546.</subfield><subfield code="t">al-Lama&#699;a&#772;t al-barqiyah fi&#772; al-nukat al-ta&#772;ri&#772;khiyah</subfield><subfield code="w">(NNC)3068436</subfield><subfield code="w">(OCoLC)47809105</subfield></datafield><datafield ind1=" " ind2="0" tag="830"><subfield code="6">880-05</subfield><subfield code="a">Rasa&#772;&#700;il ta&#772;ri&#772;khiyah ;</subfield><subfield code="v">4.</subfield></datafield><datafield ind1="4" ind2="0" tag="856"><subfield code="u">http://hdl.handle.net/2333.1/z612jp4m</subfield></datafield><datafield ind1="1" ind2=" " tag="880"><subfield code="6">100-01/r</subfield><subfield code="a">&#1575;&#1576;&#1606; &#1591;&#1608;&#1604;&#1608;&#1606;&#1548; &#1588;&#1605;&#1587; &#1575;&#1604;&#1583;&#1610;&#1606; &#1605;&#1581;&#1605;&#1583; &#1576;&#1606; &#1593;&#1604;&#1610;&#1548;</subfield><subfield code="d">1485&#1567;1546.</subfield></datafield><datafield ind1="1" ind2="2" tag="880"><subfield code="6">245-02/r</subfield><subfield code="a">&#1575;&#1604;&#1604;&#1605;&#1593;&#1575;&#1578; &#1575;&#1604;&#1576;&#1585;&#1602;&#1610;&#1577; &#1601;&#1610; &#1575;&#1604;&#1606;&#1603;&#1578; &#1575;&#1604;&#1578;&#1575;&#1585;&#1610;&#1582;&#1610;&#1577;.</subfield></datafield><datafield ind1=" " ind2=" " tag="880"><subfield code="6">260-03/r</subfield><subfield code="a">&#1583;&#1605;&#1588;&#1602;&#1548;</subfield><subfield code="b">&#1605;&#1603;&#1578;&#1576;&#1577; &#1575;&#1604;&#1602;&#1583;&#1587;&#1610; &#1608;&#1575;&#1604;&#1576;&#1583;&#1610;&#1585;&#1548;</subfield><subfield code="c">1348 A.H. [1930]</subfield></datafield><datafield ind1="1" ind2=" " tag="880"><subfield code="6">490-04/r</subfield><subfield code="a">&#1585;&#1587;&#1575;&#1574;&#1604; &#1578;&#1575;&#1585;&#1610;&#1582;&#1610;&#1577; &#1563;</subfield><subfield code="v">4</subfield></datafield><datafield ind1="1" ind2=" " tag="880"><subfield code="6">880-05/r</subfield><subfield code="a">&#1585;&#1587;&#1575;&#1574;&#1604; &#1578;&#1575;&#1585;&#1610;&#1582;&#1610;&#1577; &#1563;</subfield><subfield code="v">4</subfield></datafield><datafield ind1=" " ind2=" " tag="959"><subfield code="a">NNU</subfield><subfield code="b">WEB</subfield><subfield code="c">GENI</subfield><subfield code="t">0</subfield><subfield code="m">Electronic access</subfield><subfield code="s">01</subfield></datafield><datafield ind1=" " ind2=" " tag="999"><subfield code="i">NNC_3068436</subfield><subfield code="o">(OCoLC)47809105</subfield><subfield code="s">columbia_aco000064</subfield></datafield></record>